@inproceedings{LevitatedMerge,
   author = {Wang, Yandong and Que, Xinyu and Yu, Weikuan and Goldenberg, Dror and Sehgal, Dhiraj},
   title = {Hadoop Acceleration Through Network Levitated Merge},
   booktitle = {Proceedings of 2011 International Conference for High Performance Computing, Networking, Storage and Analysis},
   series = {SC '11},
   year = {2011},
   isbn = {978-1-4503-0771-0},
   location = {Seattle, Washington},
   pages = {57:1--57:10},
   articleno = {57},
   numpages = {10},
   url = {http://doi.acm.org/10.1145/2063384.2063461},
   doi = {10.1145/2063384.2063461},
   acmid = {2063461},
   publisher = {ACM},
   address = {New York, NY, USA},
} 

